\iffalse
ENTRY
  { address
    author
    booktitle
    chapter
    doi
    edition
    editor
    eid
    howpublished
    institution
    isbn
    issn
    journal
    key
    month
    note
    number
    organization
    pages
    publisher
    school
    series
    title
    type
    url
    volume
    year
  }
\fi

%------------------------------------------------------------------------------
%libros   

% Este explica modelos basados en agentes
@book{Shiflet,
    Author = {Shiflet, A.B. and Shiflet, G.W.},
    Publisher = {Princeton University Press},
    Title = {Introduction to Computational Science},
    Year = 2006}

% Aqui esta el beer dist game y causal loop diagrams
@book{Sterman,
    Author = {Sterman, John D.},
    Publisher = {Irwin/McGraw-Hill},
    Title = {Business Dynamics},
    Year = 2000}
    
%------------------------------------------------------------------------------
%articulos

% este es el de algoritmos geneticos
% http://www.sciencedirect.com/science/article/pii/S0167923606000790
@article {Strozzi,
author = {Strozzi, F. and Bosch, J. and Zaldivar, J.M.},
title = {Beer game order policy optimization under changing
customer demand},
journal = {Decision Support Systems},
volume = {42},
number = {4},
publisher = {Elsevier},
pages = {2153–2163},
year = {2007}
}

% este hace todo cool pero no tiene estacionalidad en el ultimo nivel
% http://www.sciencedirect.com/science/article/pii/S0167923608000560
@article {Chaharsooghi,
author = {Chaharsooghi, S. K. and Heydari, J. and Zegordi, S. H.},
title = {A reinforcement learning model for supply chain ordering management: An application to the beer game},
journal = {Decision Support Systems},
volume = {45},
number = {4},
publisher = {Elsevier},
pages = {949–959},
year = {2008}
}




% articulo de MIT news para contexto del Beer Distributoin Game
% http://news.mit.edu/2012/manufacturing-beer-game-0503
@article {Dizikes,
author = {Dizikes, Peter},
title = {The secrets of the system},
journal = {MIT News},
year = {2012}
}
%volume = {},
%number = {},
%publisher = {},
%pages = {},

% Reporte de la USDA de cuando se siembran y cosechan ciertas crops
% http://usda.mannlib.cornell.edu/usda/current/planting/planting-10-29-2010.pdf
@article {USDA,
author = {United States Department of Agriculture},
title = {Field Crops Usual Planting and Harvesting Dates},
journal = {Agricultural Handbook},
volume = {628},
publisher = {USDA},
pages = {6-7},
year = {2010}
}




